<?xml version="1.0" encoding="UTF-8"?><record xmlns="http://www.loc.gov/MARC21/slim" xmlns:cinclude="http://apache.org/cocoon/include/1.0" xmlns:zs="http://www.loc.gov/zing/srw/">
  <leader>00403cz  a2200133n  4500</leader>
  <controlfield tag="001">n  88296533 </controlfield>
  <controlfield tag="003">DLC</controlfield>
  <controlfield tag="005">19900309061338.3</controlfield>
  <controlfield tag="008">900130n| acannaab|          |n aaa |||  </controlfield>
  <datafield tag="010" ind1=" " ind2=" ">
    <subfield code="a">n  88296533 </subfield>
  </datafield>
  <datafield tag="040" ind1=" " ind2=" ">
    <subfield code="a">DLC</subfield>
    <subfield code="c">DLC</subfield>
  </datafield>
  <datafield tag="100" ind1="1" ind2="0">
    <subfield code="a">Dinamo, Hasan İzzettin</subfield>
  </datafield>
  <datafield tag="670" ind1=" " ind2=" ">
    <subfield code="a">His TKP, aydınlar, ve anılar, 1989:</subfield>
    <subfield code="b">t.p. (Hasan İzzettin Dinamo)</subfield>
  </datafield>
  <datafield tag="670" ind1=" " ind2=" ">
    <subfield code="a">LC data base, 01-26-90</subfield>
    <subfield code="b">(hdg.: Dinamo, Hasan İzzettin)</subfield>
  </datafield>
</record>